@book{Moreau:1975,
	author = {Moreau, H.},
	date-added = {2015-05-29 06:45:36 +0000},
	date-modified = {2015-05-29 06:58:06 +0000},
	keywords = {Mesures},
	publisher = {Chiron},
	title = {Le syst{\`e}me m{\'e}trique},
	year = {1975}
	}
@article{Giacomo:1995,
	author = {Giacomo, P},
	date-added = {2015-05-29 06:50:59 +0000},
	date-modified = {2015-05-29 06:57:21 +0000},
	journal = {Bulletin du Bureau national de m{\'e}trologie},
	keywords = {Mesures},
	number = {100},
	pages = {5--9},
	publisher = {Bureau national de m{\'e}trologie},
	title = {Du Syst{\`e}me m{\'e}trique d{\'e}cimal au SI},
	year = {1995}
	}
@book{Taylor:1999,
	author = {Taylor, J-R and Reynaud, L and Reynaud, P},
	date-added = {2015-05-29 06:43:35 +0000},
	date-modified = {2015-05-29 06:57:51 +0000},
	keywords = {Mesures},
	publisher = {Dunod},
	title = {Incertitudes et analyse des erreurs dans les mesures physiques: avec exercices corrig{\'e}s},
	year = {1999}
	}
@article{Bally:2010,
	author = {Bally, Fran{\c{c}}ois-Xavier and Berroir, Jean-Marc},
	date-added = {2015-05-29 07:05:35 +0000},
	date-modified = {2015-05-29 07:05:58 +0000},
	journal = {ENS, Universit{\'e} Paris},
	keywords = {Mesures},
	number = {7},
	title = {Incertitudes exp{\'e}rimentales},
	volume = {6},
	year = {2010}
	}
